% Encoding: UTF-8

@inproceedings{roalter2011developing,
	title={Developing Intelligent Environments: A Development Tool Chain for Creation, Testing and Simulation of Smart and Intelligent Environments},
	author={Roalter, L. and Moller, A. and Diewald, S. and Kranz, M.},
	booktitle={Intelligent Environments (IE), 2011 7th International Conference on},
	pages={214--221},
	year={2011},
	organization={IEEE}
}

@inproceedings{MooreStouchKeneralizedEkf2014,
	author    = {T. Moore and D. Stouch},
	title     = {A Generalized Extended Kalman Filter Implementation for the Robot Operating System},
	year      = {2014},
	month     = {July},
	booktitle = {Proceedings of the 13th International Conference on Intelligent Autonomous Systems (IAS-13)},
	publisher = {Springer}
}

@inproceedings{Quigley2009ROSAO,
	title = {ROS: an open-source Robot Operating System},
	author = {Quigley, Morgan and Conley, Ken and Gerkey, Brian and Faust, Josh and Foote, Tully and Leibs, Jeremy and Wheeler, Rob and Ng, Andrew},
	year = {2009},
	month = {01},
	pages = {},
	volume = {3},
	booktitle = {ICRA Workshop on Open Source Software}
}

@mastersthesis{Frank2019SyncKoreg,
	title = {Einfluss von Projektionsgenauigkeit und Synchronisation bei der Koregistrierung von Thermalbildern und photogrammetrischen Punktwolken},
	author = {Ann-Katrin Frank},
	school = {Technische Universität München},
	address = {Munich, Germany},
	year = {2019},
	type = {Bachelor's Thesis},
}

@ARTICLE{durrant-Whyte2006,
  author={H. {Durrant-Whyte} and T. {Bailey}},
  journal={IEEE Robotics Automation Magazine},
  title={Simultaneous localization and mapping: part I},
  year={2006},
  volume={13},
  number={2},
  pages={99-110},
}

@Comment{jabref-meta: databaseType:bibtex;}
